<?xml version="1.0" encoding="UTF-8"?>
<record xmlns="http://www.loc.gov/MARC21/slim" xmlns:xsi="http://www.w3.org/2001/XMLSchema-instance" xsi:schemaLocation="http://www.loc.gov/MARC21/slim http://www.loc.gov/standards/marcxml/schema/MARC21slim.xsd">
<leader>     nam a2200253 a 4500</leader>
<controlfield tag="001">001682802</controlfield>
<controlfield tag="003">NNU</controlfield>
<controlfield tag="005">20001219003419.0</controlfield>
<controlfield tag="008">900926s1947    ua       b    000 0 araod</controlfield>
<datafield tag="035" ind1="9" ind2=" ">
<subfield code="a">NYUb12226219</subfield>
</datafield>
<datafield tag="035" ind1=" " ind2=" ">
<subfield code="a">(CStRLIN)NHDG90-B21166</subfield>
</datafield>
<datafield tag="040" ind1=" " ind2=" ">
<subfield code="a">NhD</subfield>
<subfield code="c">NhD</subfield>
</datafield>
<datafield tag="100" ind1="1" ind2=" ">
<subfield code="a">Ḥusayn, Ṭāhā,</subfield>
<subfield code="d">1889-1973.</subfield>
</datafield>
<datafield tag="245" ind1="1" ind2="0">
<subfield code="a">Fī al-adab al-Jāhilī /</subfield>
<subfield code="c">Ṭāhā Ḥusayn.</subfield>
</datafield>
<datafield tag="250" ind1=" " ind2=" ">
<subfield code="a">al-Ṭabʻah 4.</subfield>
</datafield>
<datafield tag="260" ind1=" " ind2=" ">
<subfield code="a">Misr :</subfield>
<subfield code="b">Dār al-Maʻārif,</subfield>
<subfield code="c">1947.</subfield>
</datafield>
<datafield tag="300" ind1=" " ind2=" ">
<subfield code="a">371 p. ;</subfield>
<subfield code="c">20 cm.</subfield>
</datafield>
<datafield tag="500" ind1=" " ind2=" ">
<subfield code="a">First published in 1926 as: Fī al-shiʻr al-Jāhilī.</subfield>
</datafield>
<datafield tag="504" ind1=" " ind2=" ">
<subfield code="a">Includes bibliographical references.</subfield>
</datafield>
<datafield tag="650" ind1=" " ind2="0">
<subfield code="a">Arabic poetry</subfield>
<subfield code="y">To 622</subfield>
<subfield code="x">History and criticism.</subfield>
</datafield>
<datafield tag="650" ind1=" " ind2="0">
<subfield code="a">Arabic literature</subfield>
<subfield code="y">To 622</subfield>
<subfield code="x">History and criticism.</subfield>
</datafield>
<datafield tag="700" ind1="1" ind2=" ">
<subfield code="a">Ḥusayn, Ṭāhā,</subfield>
<subfield code="d">1889-1973.</subfield>
<subfield code="t">Fī al-shiʻr al-Jāhilī.</subfield>
<subfield code="f">1947.</subfield>
</datafield>
<datafield tag="OWN" ind1=" " ind2=" ">
<subfield code="a">GENERAL</subfield>
</datafield>
<datafield tag="950" ind1=" " ind2=" ">
<subfield code="l">BMAIN</subfield>
<subfield code="a">PJ7526</subfield>
<subfield code="b">.T3 1947</subfield>
</datafield>
<datafield tag="955" ind1=" " ind2=" ">
<subfield code="l">BMAIN</subfield>
<subfield code="c">1</subfield>
<subfield code="r">002991720</subfield>
</datafield>
<datafield tag="998" ind1=" " ind2=" ">
<subfield code="s">9114</subfield>
</datafield>
<datafield tag="AVA" ind1=" " ind2=" ">
<subfield code="a">NYU50</subfield>
<subfield code="b">BOBST</subfield>
<subfield code="c">Main Collection</subfield>
<subfield code="d">PJ7526 .T3 1947</subfield>
<subfield code="e">unavailable</subfield>
<subfield code="t">Unavailable</subfield>
<subfield code="f">1</subfield>
<subfield code="g">1</subfield>
<subfield code="h">N</subfield>
<subfield code="i">0</subfield>
<subfield code="j">MAIN</subfield>
</datafield>
</record>
